@misc{kaggle_dataset,
	title="GTSRB - German Traffic Sign Recognition Benchmark",
	URL="https://www.kaggle.com/meowmeowmeowmeowmeow/gtsrb-german-traffic-sign"
}
